@article{nicholson_2008_present,
  title={The present state of autonomous underwater vehicle {(AUV)} applications and technologies},
  author={Nicholson, {J. W.} and Healey, {A. J.}},
  journal={Marine Technology Society Journal},
  volume={42},
  number={1},
  pages={44--51},
  year={2008},
  publisher={Washington, DC: Marine Technology Society}
}

@book{mesbahi_graph_2010,
  author =        {Mesbahi, Mehran and Egerstedt, Magnus},
  series =        {Princeton series in applied mathematics},
  title =         {Graph theoretic methods in multiagent networks},
  year =          {2010}
}

@article{restrepo_edge-directed_2020,
  author =        {Restrepo, Esteban and Lor{\'i}a, Antonio and
                   Sarras, Ioannis and Marzat, Julien},
  journal =       {Automatica},
  title =         {Edge-based strict {Lyapunov} functions for consensus
                   with connectivity preservation over directed graphs},
  volume =        {132},
  year =          {2021},
}

@article{tee_barrier_2009,
  author =        {Tee, Keng Peng and Ge, Shuzhi Sam and Tay, Eng Hock},
  journal =       {Automatica},
  number =        {4},
  pages =         {918--927},
  title =         {Barrier {Lyapunov} functions for the control of
                   output-constrained nonlinear systems},
  volume =        {45},
  year =          {2009},
}

@article{rimon_exact_1992,
  author =        {Rimon, E. and Koditschek, D. E.},
  journal =       {IEEE Transactions on Robotics and Automation},
  month =         oct,
  number =        {5},
  pages =         {501--518},
  title =         {Exact robot navigation using artificial potential
                   functions},
  volume =        {8},
  year =          {1992},
}

@article{forni_cascade_2016,
  author =        {Forni, Paolo and Angeli, David},
  journal =       {Systems \& Control Letters},
  pages =         {97--110},
  publisher =     {Elsevier},
  title =         {Input-to-state stability for cascade systems with
                   multiple invariant sets},
  volume =        {98},
  year =          {2016},
}

@inproceedings{monzon2006local,
  address =       {San Diego, CA, USA},
  author =        {Monz{\'o}n, Pablo and Potrie, Rafael},
  booktitle =     {Proc. 45th IEEE Conference on Decision
                   and Control},
  pages =         {5120--5125},
  title =         {Local and global aspects of almost global stability},
  year =          {2006},
}

@article{mukherjee_robustness_2018,
  author =        {Mukherjee, Dwaipayan and Zelazo, Daniel},
  journal =       {IEEE Transactions on Network Science and Engineering},
  number =        {4},
  pages =         {657--670},
  title =         {Robustness of Consensus over Weighted Digraphs},
  volume =        {6},
  year =          {2019},
}

@INPROCEEDINGS{mehdifar2022funnel,
  author={Mehdifar, Farhad and Bechlioulis, Charalampos P. and Dimarogonas, Dimos V.},
  booktitle={Proc. 61st Conference on Decision and Control}, 
  title={Funnel Control Under Hard and Soft Output Constraints}, 
  year={2022},
  pages={4473-4478}
}

@article{xiang2010coordinated,
  title={Coordinated formation control of multiple autonomous underwater vehicles for pipeline inspection},
  author={Xiang, Xianbo and Jouvencel, Bruno and Parodi, Olivier},
  journal={International Journal of Advanced Robotic Systems},
  volume={7},
  number={1},
  pages={3},
  year={2010},
  publisher={SAGE Publications Sage UK: London, England}
}

@ARTICLE{lan2011synthesis,
  author={Lan, Ying and Yan, Gangfeng and Lin, Zhiyun},
  journal={IEEE Transactions on Automatic Control}, 
  title={Synthesis of Distributed Control of Coordinated Path Following Based on Hybrid Approach}, 
  year={2011},
  volume={56},
  number={5},
  pages={1170-1175}
}

@INPROCEEDINGS{wang2009leader-follower,
  author={Yintao Wang and Weisheng Yan and Wei Yan},
  booktitle={Proc. 2009 International Conference on Mechatronics and Automation}, 
  title={A leader-follower formation control strategy for {AUVs} based on line-of-sight guidance}, 
  year={2009}
}

@INPROCEEDINGS{zhou2012virtual-leader,
  author={Zhou, Zhong-Hai and Yuan, Jian and Zhang, Wen-Xia and Zhao, Jin-Ping},
  booktitle={Proc. 24th Chinese Control and Decision Conference}, 
  title={Virtual-leader-follower structure and finite-time controller based cooperative control of multiple autonomous underwater vehicles}, 
  year={2012},
  pages={3670-3675}
}

@article{gan2014online,
  title={Online decentralized information gathering with spatial-temporal constraints},
  author={Gan, Seng Keat and Fitch, Robert and Sukkarieh, Salah},
  journal={Autonomous Robots},
  volume={37},
  pages={1--25},
  year={2014}
}

@INPROCEEDINGS{gomes2018MPC,
  author={Gomes, Rui and Pereira, Fernando Lobo},
  booktitle={Proc. 13th APCA International Conference on Automatic Control and Soft Computing}, 
  title={A Model Predictive Control Scheme for Autonomous Underwater Vehicle Formation Control}, 
  year={2018},
  pages={195-200}
}

@INPROCEEDINGS{jia2007formation,
  author={Jia, Qiuling and Li, Guangwen},
  booktitle={Proc. 2007 IEEE International Conference on Automation and Logistics}, 
  title={Formation Control and Obstacle Avoidance Algorithm of Multiple Autonomous Underwater Vehicles {(AUVs)} Based on Potential Function and Behavior Rules}, 
  year={2007},
  pages={569-573}
}

@INPROCEEDINGS{brinon2010contraction,
  author={{Briñón Arranz}, Lara and Seuret, Alexandre and {Canudas de Wit}, Carlos},
  booktitle={Proc. 2010 American Control Conference}, 
  title={Contraction control of a fleet circular formation of {AUVs} under limited communication range}, 
  year={2010},
  pages={5991-5996}
}


@article{gao2019velocity-free,
title = {Velocity free leader-follower formation control for autonomous underwater vehicles with line-of-sight range and angle constraints},
journal = {Information Sciences},
pages = {359-378},
year = {2019},
author = {Zhenyu Gao and Ge Guo},
}

@article{naderolasli2023platoon,
title = {Platoon formation control of autonomous underwater vehicles under {LOS} range and orientation angles constraints},
journal = {Ocean Engineering},
year = {2023},
author = {Amir Naderolasli and Khoshnam Shojaei and Abbas Chatraei},
}
