@article{matous_distributed_2023,
  author          = {Matou{\v{s}}, Josef and Pettersen, Kristin Y. and Varagnolo, Damiano and Paliotta, Claudio},
  journal         = {Submitted to IEEE Transactions on Control Systems Technology},
  title           = {A Distributed NSB Algorithm for Formation Path Following},
  year            = {2023}
}

@article{matous_trajectory_2023,
  author          = {Matou{\v{s}}, Josef and Paliotta, Claudio and Pettersen, Kristin Y. and Varagnolo, Damiano},
  journal         = {Submitted to IEEE Transactions on Control Systems Technology},
  title           = {Trajectory Tracking and Path Following of Underactuated AUVs using the Hand Position Concept},
  year            = {2023}
}

@article{lie_formation_2023,
  author          = {Lie, Erling S. and Matou{\v{s}}, Josef and Pettersen, Kristin Y.},
  journal         = {Submitted to 2023 IEEE Conf. Decision and Control},
  title           = {Formation Control of Underactuated AUVs Using the Hand Position Concept},
  year            = {2023}
}

@article{restrepo_tracking_2023,
  author          = {Restrepo, Esteban and Matou{\v{s}}, Josef and Pettersen, Kristin Y.},
  journal         = {Submitted to IEEE Transactions on Control of Network Systems},
  title           = {Tracking Control of Cooperative Marine Vehicles Under Hard and Soft Constraints},
  year            = {2023}
}

@inproceedings{restrepo_formation_2022,
  author          = {Restrepo, Esteban and Matou{\v{s}}, Josef and Pettersen, Kristin Y.},
  booktitle       = {Proc. 2022 European Control Conference},
  title           = {Tracking-in-Formation of Multiple Autonomous Marine Vehicles under Proximity and Collision-Avoidance Constraints},
  month           = {july},
  year            = {2022}
}

@inproceedings{matous_MPC_2022,
  author          = {Matou{\v{s}}, Josef and Varagnolo, Damiano and Pettersen, Kristin Y. and Paliotta, Claudio},
  booktitle       = {Proc. 9th IFAC Conf. Networked Systems},
  title           = {Distributed MPC for Formation Path-Following of Multi-Vehicle Systems},
  month           = {july},
  year            = {2022}
}
