@article{van_parys_2017_DMPC,
    title = {Distributed {MPC} for multi-vehicle systems moving in formation},
    journal = {Robotics and Autonomous Systems},
    year = {2017},
    author = {Ruben {Van Parys} and Goele Pipeleers}
}

@article{fliess_1995_flatness,
    author = { Michel   Fliess  and  Jean   Lévine  and  Philippe   Martin  and  Pierre   Rouchon },
    title = {Flatness and defect of non-linear systems: introductory theory and examples},
    journal = {International Journal of Control},
    year  = {1995},
    publisher = {Taylor & Francis}
}

@ARTICLE{bastianello_asynchronous_2021,
  author={Bastianello, Nicola and Carli, Ruggero and Schenato, Luca and Todescato, Marco},
  journal={IEEE Transactions on Automatic Control}, 
  title={Asynchronous Distributed Optimization Over Lossy Networks via Relaxed {ADMM}: Stability and Linear Convergence}, 
  year={2021},
}

@INPROCEEDINGS{zhu_kalman_2016,
  author={Zhu, Zhongben and Hu, Sau-Lon James and Li, Huajun},
  booktitle={Proc. 2016 IEEE/OES Autonomous Underwater Vehicles}, 
  title={Effect on {K}alman based underwater tracking due to ocean current uncertainty}, 
  year={2016},
  volume={},
  number={},
  pages={131-137},
}
@INPROCEEDINGS{wang_path_2021,
  author={Wang, Ye and Yang, Yujia and Pu, Ye and Manzie, Chris},
  booktitle={Proc. 2021 American Control Conference}, 
  title={Path Following by Formations of Agents with Collision Avoidance Guarantees using Distributed Model Predictive Control}, 
  year={2021},
}

@INPROCEEDINGS{kanjanawanishkul_distributed_2008,
  author={Kanjanawanishkul, Kiattisin and Zell, Andreas},
  booktitle={Proc. 2008 IEEE International Conference on Systems, Man and Cybernetics}, 
  title={Distributed model predictive control for coordinated path following control of omnidirectional mobile robots}, 
  year={2008},
}

@incollection{anderson_UAV_2008,
  author         = {Anderson, B.D.O. and Fidan, B. and Yu, C. and Walle, D.},
  booktitle      = {Recent Advances in Learning and Control. Lecture Notes in Control and Information Sciences},
  publisher      = {Springer},
  title          = {{UAV} Formation Control: {T}heory and Application},
  year           = {2008},
}

@book{boyd_2011_distributed,
  title={Distributed optimization and statistical learning via the alternating direction method of multipliers},
  author={Boyd, Stephen and Parikh, Neal and Chu, Eric},
  year={2011},
  publisher={Foundations and Trends in Machine Learning},
  pages={1--122},
}

@inproceedings{bergenhem_2012_platooning,
  title={Overview of platooning systems},
  author={Bergenhem, Carl and Shladover, Steven and Coelingh, Erik and Englund, Christoffer and Tsugawa, Sadayuki},
  booktitle={Proc. 19th ITS World Congress},
  year={2012}
}

@article{saska_2016_predictive,
title = {Predictive control and stabilization of nonholonomic formations with integrated spline-path planning},
journal = {Robotics and Autonomous Systems},
volume = {75},
pages = {379-397},
year = {2016},
author = {Martin Saska and Vojt\v{e}ch Spurný and Vojt\v{e}ch Vonásek}
}

@Inbook{dacis_splitting_2016,
author="Davis, Damek and Yin, Wotao",
editor="Glowinski, Roland and Osher, Stanley J. and Yin, Wotao",
title="Convergence~~Rate~~Analysis~~of~~Several~~Splitting Schemes",
bookTitle="Splitting Methods in Communication, Imaging, Science, and Engineering",
year="2016"
}
