@inproceedings{aguiar_dynamic_2002,
	title = {Dynamic positioning and way-point tracking of underactuated {AUVs} in the presence of ocean currents},
	doi = {10.1109/CDC.2002.1184840},
	booktitle = {Proc. 41st {IEEE} {Conference} on {Decision} and {Control}, 2002.},
	author = {Aguiar, A.P. and Pascoal, A.M.},
	month = dec,
	year = {2002},
	keywords = {Adaptive control, Kinematics, Oceans, Parametric statistics, Programmable control, Target tracking, Uncertainty, Underwater tracking, Underwater vehicles, Vehicle dynamics},
	pages = {2105--2110 vol.2},
}

@article{chiaverini_singularity-robust_1997,
	title = {Singularity-robust task-priority redundancy resolution for real-time kinematic control of robot manipulators},
	volume = {13},
	doi = {10.1109/70.585902},
	number = {3},
	journal = {IEEE Transactions on Robotics and Automation},
	author = {Chiaverini, S.},
	month = jun,
	year = {1997},
	keywords = {Arm, Jacobian matrices, Kinematics, Manipulators, Minimization methods, Null space, Robot control, Service robots, Torque measurement},
	pages = {398--410},
}

@inproceedings{pereda_towards_2011,
	title = {Towards automatic oil spill confinement with {Autonomous} {Marine} {Surface} {Vehicles}},
	doi = {10.1109/Oceans-Spain.2011.6003473},
	booktitle = {{OCEANS} 2011 {IEEE} - {Spain}},
	author = {Pereda, Fernando J. and de Marina, Hector Garcia and Giron-Sierra, Jose M. and Jimenez, Juan},
	month = jun,
	year = {2011},
	keywords = {Data models, Marine vehicles, Mathematical model, NSB, Navigation, Proposals, Trajectory, Vehicles, autonomous vehicles, cooperative control, oil spill, simulation}
}

@inproceedings{arrichiello_cooperative_2010,
	title = {Cooperative caging using autonomous aquatic surface vehicles},
	doi = {10.1109/ROBOT.2010.5509147},
	booktitle = {Proc. 2010 {IEEE} {International} {Conference} on {Robotics} and {Automation}},
	author = {Arrichiello, Filippo and Heidarsson, Hordur and Chiaverini, Stefano and Sukhatme, Gaurav S.},
	month = may,
	year = {2010},
	keywords = {Automatic control, Boats, Communication system control, Mobile robots, Motion control, NSB, Remotely operated vehicles, Robot kinematics, Robotics and automation, USA Councils, Vehicle dynamics},
	pages = {4763--4769},
}

@inproceedings{wang_leader-follower_2009,
	title = {A leader-follower formation control strategy for {AUVs} based on line-of-sight guidance},
	booktitle = {Proc. 2009 {International} {Conference} on {Mechatronics} and {Automation}},
	author = {Wang, Yintao and Yan, Weisheng and Yan, Wei},
	month = aug,
	year = {2009},
	keywords = {AUVs, Automation, Control systems, Error correction, Feedback, Land vehicles, Mechatronics, Navigation, Trajectory, Underwater tracking, Underwater vehicles, feedback linearization, formation tracking, leader follower, line-of-Sight},
	pages = {4863--4867},
}

@inproceedings{skjetne_nonlinear_2002,
	title = {Nonlinear formation control of marine craft},
	booktitle = {Proc. 41st {IEEE} {Conference} on {Decision} and {Control}, 2002.},
	author = {Skjetne, R. and Moi, S. and Fossen, T.I.},
	month = dec,
	year = {2002},
	keywords = {Algorithm design and analysis, Backstepping, Cost function, Fiber reinforced plastics, Marine vehicles, Mobile robots, Satellites, State feedback, Trajectory, Vehicle dynamics, coordinated path following},
	pages = {1699--1704},
}

@inproceedings{monteiro_dynamical_2002,
	title = {A dynamical systems approach to behavior-based formation control},
	booktitle = {Proc. 2002 {IEEE} {International} {Conference} on {Robotics} and {Automation}},
	author = {Monteiro, S. and Bicho, E.},
	month = may,
	year = {2002},
	keywords = {Computer simulation, Control systems, Distributed control, Industrial electronics, Master-slave, Navigation, Robot kinematics, Service robots, Solid modeling, Switches, behavioral},
	pages = {2606--2611},
}

@article{balch_behavior-based_1998,
	title = {Behavior-based formation control for multirobot teams},
	volume = {14},
	number = {6},
	journal = {IEEE Transactions on Robotics and Automation},
	author = {Balch, T. and Arkin, R.C.},
	month = dec,
	year = {1998},
	keywords = {Animals, Communication system control, Hazards, Hidden Markov models, Laboratories, Land vehicles, Mobile robots, Navigation, Robot control, Robot sensing systems, behavioral},
	pages = {926--939},
}
@incollection{chiaverini_kinematically_2008,
	address = {Berlin, Heidelberg},
	title = {Kinematically {Redundant} {Manipulators}},
	language = {en},
	booktitle = {Springer {Handbook} of {Robotics}},
	publisher = {Springer},
	author = {Chiaverini, Stefano and Oriolo, Giuseppe and Walker, Ian D.},
	editor = {Siciliano, Bruno and Khatib, Oussama},
	year = {2008},
	doi = {10.1007/978-3-540-30301-5_12},
	keywords = {Algorithmic Singularity, Inverse Kinematic Problem, Joint Velocity, Redundant Manipulator, Task Space},
	pages = {245--268},
}

@incollection{siciliano_differential_2009,
	address = {London},
	series = {Advanced {Textbooks} in {Control} and {Signal} {Processing}},
	title = {Differential {Kinematics} and {Statics}},
	language = {en},
	booktitle = {Robotics: {Modelling}, {Planning} and {Control}},
	publisher = {Springer},
	author = {Siciliano, Bruno and Sciavicco, Lorenzo and Villani, Luigi and Oriolo, Giuseppe},
	year = {2009},
	doi = {10.1007/978-1-84628-642-1_3},
	keywords = {Inverse Kinematic, Inverse Kinematic Problem, Joint Variable, Joint Velocity, Orientation Error},
	pages = {105--160},
}

@article{siciliano_closed-loop_1990,
	title={A closed-loop inverse kinematic scheme for on-line joint-based robot control},
	volume={8},
	DOI={10.1017/S0263574700000096},
	number={3}, 
	journal={Robotica},
	publisher={Cambridge University Press},
	author={Siciliano, Bruno},
	year={1990},
	pages={231â€“243}
}
