@article{barsky_geometric_1984,
  title={Geometric continuity of parametric curves},
  author={Barsky, Brian A and DeRose, Tony D},
  year={1984},
  journal={Computer Graphics and Applications}
}

@ARTICLE{chaturvedi_rigid-body_2011,
  author={Chaturvedi, Nalin A. and Sanyal, Amit K. and McClamroch, N. Harris},
  journal={IEEE Control Systems Magazine}, 
  title={Rigid-Body Attitude Control}, 
  year={2011},
  volume={31},
  number={3},
  pages={30-51},
}

@article{sanjay_topological_2000,
title = {A topological obstruction to continuous global stabilization of rotational motion and the unwinding phenomenon},
journal = {Systems {\&} Control Letters},
volume = {39},
number = {1},
pages = {63-70},
year = {2000},
author = {Sanjay P. Bhat and Dennis S. Bernstein},
}

@INPROCEEDINGS{borhaug_straight_2007,
  author={Borhaug, Even and Pavlov, Alexey and Pettersen, Kristin Y.},
  booktitle={Proc. 46th IEEE Conf. Decision and Control}, 
  title={Straight line path following for formations of underactuated underwater vehicles}, 
  year={2007},
  volume={},
  number={},
  pages={2905-2912},
}
