@book{fossen_handbook_2011,
   title = {Handbook of {Marine} {Craft} {Hydrodynamics} and {Motion} {Control}},
    isbn = {978-1-119-99149-6},
    language = {en},
    publisher = {John Wiley \& Sons},
    author = {Fossen, Thor I.},
    month = may,
    year = {2011},
    keywords = {Science / System Theory, Technology \& Engineering / Electrical},
}

@INPROCEEDINGS{borhaug_straight_2007,
  author={Borhaug, Even and Pavlov, Alexey and Pettersen, Kristin Y.},
  booktitle={Proc. 46th IEEE Conf. Decision and Control}, 
  title={Straight line path following for formations of underactuated underwater vehicles}, 
  year={2007},
  volume={},
  number={},
  pages={2905-2912},
}

@inproceedings{arrichiello_formation_2006,
  author          = {Arrichiello, F. and Chiaverini, S. and Fossen, T. I.},
  title           = {Formation Control of Underactuated Surface Vessels using the Null-Space-Based Behavioral Control},
  booktitle       = {Proc. 2006 International Conf. Intelligent Robots and Systems},
  year            = {2006},
}

@article{belleter_2019_observer,
  title={Observer based path following for underactuated marine vessels in the presence of ocean currents: A global approach},
  author={Belleter, Dennis and Maghenem, Mohamed Adlene and Paliotta, Claudio and Pettersen, Kristin Y.},
  journal={Automatica},
  volume={100},
  pages={123--134},
  year={2019},
  publisher={Elsevier}
}

@ARTICLE{antonelli_2006_kinematic,
  author={Antonelli, Gianluca and Chiaverini, Stefano},
  journal={IEEE Transactions on Robotics}, 
  title={Kinematic Control of Platoons of Autonomous Vehicles}, 
  year={2006},
  volume={22},
  number={6},
  pages={1285-1292},
}

@article{pettersen_lyapunov_2017,
	title = {Lyapunov sufficient conditions for uniform semiglobal exponential stability},
	issn = {0005-1098},
	language = {en},
	journal = {Automatica},
	author = {Pettersen, Kristin Y.},
	month = apr,
	year = {2017},
}

@inproceedings{nakath_rigid_2017,
  title={Rigid body attitude control based on a manifold representation of direction cosine matrices},
  author={Nakath, David and Clemens, Joachim and Rachuy, Carsten},
  booktitle={Proc. 13th European Workshop on Advanced Control and Diagnosis},
  year={2017}
}

@inproceedings{sousa_LAUV_2012,
  title = {{LAUV}: {T}he Man-Portable Autonomous Underwater Vehicle},
  booktitle = {Proc. 3rd IFAC Workshop on Navigation, Guidance and Control of Underwater Vehicles},
  pages = {268--274},
  year = {2012},
  issn = {1474-6670},
  author = {Alexandre Sousa and Luis Madureira and Jorge Coelho and José Pinto and João Pereira and João {Borges Sousa} and Paulo Dias},
  keywords = {Autonomous Underwater Vehicles, Data collection, Marine Systems, Mechanical, Robotics, Systems Engineering},
}

@inproceedings{matouvs_formation_2022,
  title={Formation Path Following Control of Underactuated {AUV}s},
  author={Matou{\v{s}}, Josef and Pettersen, Kristin Y and Paliotta, Claudio},
  booktitle={Proc. 2022 European Control Conference},
  pages={510--517},
  year={2022}
}

@article{iserles_lie_2000, 
  title={Lie-group methods}, 
  volume={9}, 
  journal={Acta Numerica}, 
  author={Iserles, Arieh and Munthe-Kaas, Hans Z. and Nørsett, Syvert P. and Zanna, Antonella}, 
  year={2000}, 
}

@INPROCEEDINGS{haraldsen_reactive_2021,
  author={Haraldsen, Aurora and Wiig, Martin S. and Pettersen, Kristin Y.},
  booktitle={Proc. 2021 IEEE Conf. Control Technology and Applications}, 
  title={Reactive Collision Avoidance for Underactuated Surface Vehicles using the Collision Cone Concept}, 
  year={2021}
}

@article{eek_formation_2021,
title = {Formation path following control of underactuated {USV}s},
journal = {European Journal of Control},
volume = {62},
year = {2021},
author = {Eek, {\AA}smund and Pettersen, Kristin Y. and Ruud, Else-Line M. and Krogstad, Thomas R.},
}

@article{wiig_collision_2019,
  title={Collision avoidance for underactuated marine vehicles using the constant avoidance angle algorithm},
  author={Wiig, Martin Syre and Pettersen, Kristin Ytterstad and Krogstad, Thomas R{\o}bekk},
  journal={IEEE Trans. Control Syst. Technol.},
  volume={28},
  number={3},
  pages={951--966},
  year={2019},
}

@article{chakravarthy_obstacle_1998,
  title={Obstacle avoidance in a dynamic environment: {A} collision cone approach},
  author={Chakravarthy, Animesh and Ghose, Debasish},
  journal={IEEE Trans. Syst., Man, Cybern. A, Syst. Humans},
  volume={28},
  number={5},
  pages={562--574},
  year={1998},
}

@ARTICLE{antonelli_experiments_2009,
  author={Antonelli, Gianluca and Arrichiello, Filippo and Chiaverini, Stefano},
  journal={IEEE Trans. Control Syst. Technol.}, 
  title={Experiments of Formation Control With Multirobot Systems Using the Null-Space-Based Behavioral Control}, 
  year={2009},
  volume={17},
  number={5},
  pages={1173-1182},
}

@Article{pang_2019_formation,
  AUTHOR = {Pang, Shi-{K}un and Li, Ying-{H}ui and Yi, Hong},
  TITLE = {Joint Formation Control with Obstacle Avoidance of Towfish and Multiple Autonomous Underwater Vehicles Based on Graph Theory and the Null-Space-Based Method},
  JOURNAL = {Sensors},
  VOLUME = {19},
  YEAR = {2019},
  NUMBER = {11},
  ARTICLE-NUMBER = {2591},
  ISSN = {1424-8220}
}

@INPROCEEDINGS{borhaug_2006_formation,
  author={Borhaug, Even and Pettersen, Kristin Y.},
  booktitle={Proc. 45th IEEE Conf. Decision and Control}, 
  title={Formation Control of 6-{DOF} {E}uler-{L}agrange Systems with Restricted Inter-Vehicle Communication}, 
  year={2006},
  pages={5718-5723},
}

@INPROCEEDINGS{ghabcheloo_2006_coordinated,
  author={Ghabcheloo, Reza and Aguiar, A. Pedro and Pascoal, Antonio and Silvestre, Carlos and Kaminer, Isaac and Hespanha, Joao},
  booktitle={Proc. 45th IEEE Conf. Decision and Control}, 
  title={Coordinated path-following control of multiple underactuated autonomous vehicles in the presence of communication failures}, 
  year={2006},
}

@article{rongxin_2010_leader,
	title = {Leader–follower formation control of underactuated autonomous underwater vehicles},
	journal = {Ocean Engineering},
	volume = {37},
	number = {17},
	pages = {1491-1502},
	year = {2010},
	issn = {0029-8018},
	author = {Rongxin Cui and Shuzhi {Sam Ge} and Bernard {Voon Ee How} and Yoo {Sang Choo}},
	keywords = {Autonomous underwater vehicle, Formation control, Leader–follower, Tracking control, Neural networks},
}

@INPROCEEDINGS{soorki_2011_robust,
  author={Soorki, M.Naderi and Talebi, H.A. and Nikravesh, S.K.Y},
  booktitle={Proc. 2011 IEEE International Conf. Systems, Man, and Cybernetics}, 
  title={A robust dynamic leader-follower formation control with active obstacle avoidance}, 
  year={2011},
  pages={1932-1937},
}

@article{das_cooperative_2016,
	title = {Cooperative formation control of autonomous underwater vehicles: {An} overview},
	volume = {13},
	issn = {1751-8520},
	shorttitle = {Cooperative formation control of autonomous underwater vehicles},
	language = {en},
	number = {3},
	journal = {International Journal of Automation and Computing},
	author = {Das, Bikramaditya and Subudhi, Bidyadhar and Pati, Bibhuti Bhusan},
	month = jun,
	year = {2016},
	pages = {199--225},
}

@article{arxiv_version,
  author          = {Matou{\v{s}}, Josef and Pettersen, Kristin Y. and Varagnolo, Damiano and Paliotta, Claudio},
  journal         = {arXiv:2210.14646 [eess.SY]},
  title           = {Singularity-free Formation Path Following of Underactuated {AUV}s: {E}xtended Version},
  year            = {2022}
}

@ARTICLE{lee_global_2015,
  author={Lee, Taeyoung},
  journal={IEEE Transactions on Automatic Control}, 
  title={Global Exponential Attitude Tracking Controls on {SO(3)}}, 
  year={2015},
  volume={60},
  number={10},
  pages={2837--2842}
}
