@inproceedings{matouvs_formation_2022,
  title={Formation Path Following Control of Underactuated {AUV}s},
  author={Matou{\v{s}}, Josef and Pettersen, Kristin Y and Paliotta, Claudio},
  booktitle={Proc. 2022 European Control Conference},
  pages={510--517},
  year={2022}
}

@inproceedings{matous_singularity_2023,
  title={Singularity-free Formation Path Following of Underactuated {AUVs}},
  author={Matou{\v{s}}, Josef and Pettersen, Kristin Y and Varagnolo, Damiano and Paliotta, Claudio},
  booktitle={Proc. 2023 IFAC World Congress},
  year={2023}
}

@inproceedings{arrichiello_formation_2006,
  author          = {Arrichiello, F. and Chiaverini, S. and Fossen, T. I.},
  title           = {Formation Control of Underactuated Surface Vessels using the Null-Space-Based Behavioral Control},
  booktitle       = {Proc. 2006 International Conf. Intelligent Robots and Systems},
  year            = {2006},
}

@ARTICLE{antonelli_2006_kinematic,
  author={Antonelli, Gianluca and Chiaverini, Stefano},
  journal={IEEE Transactions on Robotics}, 
  title={Kinematic Control of Platoons of Autonomous Vehicles}, 
  year={2006},
  volume={22},
  number={6},
  pages={1285-1292},
}

@article{pettersen_lyapunov_2017,
	title = {Lyapunov sufficient conditions for uniform semiglobal exponential stability},
	issn = {0005-1098},
	language = {en},
	journal = {Automatica},
	author = {Pettersen, Kristin Y.},
	month = apr,
	year = {2017},
}

@book{fossen_handbook_2011,
   title = {Handbook of {Marine} {Craft} {Hydrodynamics} and {Motion} {Control}},
    isbn = {978-1-119-99149-6},
    language = {en},
    publisher = {John Wiley \& Sons},
    author = {Fossen, Thor I.},
    month = may,
    year = {2011},
    keywords = {Science / System Theory, Technology \& Engineering / Electrical},
}

@ARTICLE{praveen_cooperative_2018,
  author={Jain, R. Praveen and Aguiar, A. Pedro and de Sousa, J. Borges},
  journal={IEEE Robotics and Automation Letters}, 
  title={Cooperative Path Following of Robotic Vehicles Using an Event-Based Control and Communication Strategy}, 
  year={2018},
  volume={3},
  number={3},
  }

@INPROCEEDINGS{haraldsen_reactive_2021,
  author={Haraldsen, Aurora and Wiig, Martin S. and Pettersen, Kristin Y.},
  booktitle={Proc. 2021 IEEE Conf. Control Technology and Applications}, 
  title={Reactive Collision Avoidance for Underactuated Surface Vehicles using the Collision Cone Concept}, 
  year={2021}
}

@article{wiig_collision_2019,
  title={Collision avoidance for underactuated marine vehicles using the constant avoidance angle algorithm},
  author={Wiig, Martin Syre and Pettersen, Kristin Ytterstad and Krogstad, Thomas R{\o}bekk},
  journal={IEEE Trans. Control Syst. Technol.},
  volume={28},
  number={3},
  year={2019},
}

@article{chakravarthy_obstacle_1998,
  title={Obstacle avoidance in a dynamic environment: {A} collision cone approach},
  author={Chakravarthy, Animesh and Ghose, Debasish},
  journal={IEEE Trans. Syst., Man, Cybern. A, Syst. Humans},
  volume={28},
  number={5},
  pages={562--574},
  year={1998},
}

@inproceedings{sousa_LAUV_2012,
  title = {{LAUV}: {T}he Man-Portable Autonomous Underwater Vehicle},
  booktitle = {Proc. 3rd IFAC Workshop on Navigation, Guidance and Control of Underwater Vehicles},
  pages = {268--274},
  year = {2012},
  issn = {1474-6670},
  author = {Alexandre Sousa and Luis Madureira and Jorge Coelho and José Pinto and João Pereira and João {Borges Sousa} and Paulo Dias},
  keywords = {Autonomous Underwater Vehicles, Data collection, Marine Systems, Mechanical, Robotics, Systems Engineering},
}

@misc{dune,
  howpublished = {\url{https://github.com/LSTS/dune/}},
  title = {{DUNE}: {U}nified Navigation Environment},
  note = {Accessed 2023-04-25},
}

@article{eek_formation_2021,
title = {Formation path following control of underactuated {USVs}},
journal = {European Journal of Control},
volume = {62},
pages = {171-184},
year = {2021},
author = {Åsmund Eek and Kristin Y. Pettersen and Else-Line M. Ruud and Thomas R. Krogstad},
}

@article{conti_manipulation_2015,
title = {An innovative decentralized strategy for {I-AUVs} cooperative manipulation tasks},
journal = {Robotics and Autonomous Systems},
volume = {72},
pages = {261-276},
year = {2015},
author = {R. Conti and E. Meli and A. Ridolfi and B. Allotta},
}

@article {edgar_oceanography_2001,
      author = "Edgar  An and Manhar R.  Dhanak and Lynn K.  Shay and Samuel  Smith and John  Van Leer",
      title = "Coastal Oceanography Using a Small {AUV}",
      journal = "Journal of Atmospheric and Oceanic Technology",
      year = "2001",
      volume = "18",
      number = "2",
      pages=      "215 - 234",
}

@INPROCEEDINGS{faria_oceanography_2014,
  author={Faria, Margarida and Pinto, José and Py, Frédéric and Fortuna, João and Dias, Hugo and Martins, Ricardo and Leira, Frederik and Johansen, Tor Arne and Sousa, João and Rajan, Kanna},
  booktitle={Proc. 2014 IEEE International Conference on Robotics and Automation}, 
  title={Coordinating {UAVs} and {AUVs} for oceanographic field experiments: {C}hallenges and lessons learned}, 
  year={2014},
  pages={6606-6611},
}

@INPROCEEDINGS{albiez_flatfish_2015,
  author={Albiez, Jan and Joyeux, Sylvain and Gaudig, Christopher and Hilljegerdes, Jens and Kroffke, Sven and Schoo, Christian and Arnold, Sascha and Mimoso, Geovane and Alcantara, Pedro and Saback, Rafael and Britto, Joao and Cesar, Diego and Neves, Gustavo and Watanabe, Thomio and Merz Paranhos, Patrick and Reis, Marco and Kirchner, Frank},
  booktitle={OCEANS 2015}, 
  title={FlatFish - a compact subsea-resident inspection {AUV}}, 
  year={2015},
}

@INPROCEEDINGS{lizunkova_AUVwelding_2009,
  author={Lizunkova, Yana and Hassel, Thomas and Klotz, Johannes and Wolyniec, Anna and Bach, Fr.-W.},
  booktitle={Proc. OCEANS}, 
  title={Development of filler wire for underwater welding as a repair tool for adaptation on {AUV}}, 
  year={2009},
}

@INPROCEEDINGS{borhaug_straight_2007,
  author={Borhaug, Even and Pavlov, Alexey and Pettersen, Kristin Y.},
  booktitle={Proc. 46th IEEE Conference on Decision and Control}, 
  title={Straight line path following for formations of underactuated underwater vehicles}, 
  year={2007},
  volume={},
  number={},
  pages={2905-2912},
}

@ARTICLE{antonelli_experiments_2009,
  author={Antonelli, Gianluca and Arrichiello, Filippo and Chiaverini, Stefano},
  journal={IEEE Transactions on Control Systems Technology}, 
  title={Experiments of Formation Control With Multirobot Systems Using the Null-Space-Based Behavioral Control}, 
  year={2009},
  volume={17},
  number={5},
}

@Article{pang_2019_formation,
  AUTHOR = {Pang, Shi-{K}un and Li, Ying-{H}ui and Yi, Hong},
  TITLE = {Joint Formation Control with Obstacle Avoidance of Towfish and Multiple Autonomous Underwater Vehicles Based on Graph Theory and the Null-Space-Based Method},
  JOURNAL = {Sensors},
  VOLUME = {19},
  YEAR = {2019},
  NUMBER = {11},
  ARTICLE-NUMBER = {2591},
  ISSN = {1424-8220}
}

@INPROCEEDINGS{borhaug_2006_formation,
  author={Borhaug, Even and Pettersen, Kristin Y.},
  booktitle={Proc. 45th IEEE Conference on Decision and Control}, 
  title={Formation Control of 6-{DOF} {E}uler-{L}agrange Systems with Restricted Inter-Vehicle Communication}, 
  year={2006},
  pages={5718-5723},
}

@INPROCEEDINGS{ghabcheloo_2006_coordinated,
  author={Ghabcheloo, Reza and Aguiar, A. Pedro and Pascoal, Antonio and Silvestre, Carlos and Kaminer, Isaac and Hespanha, Joao},
  booktitle={Proc. 45th IEEE Conference on Decision and Control}, 
  title={Coordinated path-following control of multiple underactuated autonomous vehicles in the presence of communication failures}, 
  year={2006},
}

@article{rongxin_2010_leader,
	title = {Leader–follower formation control of underactuated autonomous underwater vehicles},
	journal = {Ocean Engineering},
	volume = {37},
	number = {17},
	year = {2010},
	issn = {0029-8018},
	author = {Rongxin Cui and Shuzhi {Sam Ge} and Bernard {Voon Ee How} and Yoo {Sang Choo}},
	keywords = {Autonomous underwater vehicle, Formation control, Leader–follower, Tracking control, Neural networks},
}

@INPROCEEDINGS{soorki_2011_robust,
  author={Soorki, M.Naderi and Talebi, H.A. and Nikravesh, S.K.Y},
  booktitle={Proc. 2011 IEEE International Conf. Systems, Man, and Cybernetics}, 
  title={A robust dynamic leader-follower formation control with active obstacle avoidance}, 
  year={2011},
}

@article{das_cooperative_2016,
	title = {Cooperative formation control of autonomous underwater vehicles: {An} overview},
	volume = {13},
	issn = {1751-8520},
	shorttitle = {Cooperative formation control of autonomous underwater vehicles},
	language = {en},
	number = {3},
	journal = {International Journal of Automation and Computing},
	author = {Das, Bikramaditya and Subudhi, Bidyadhar and Pati, Bibhuti Bhusan},
	month = jun,
	year = {2016},
	pages = {199--225},
}

@INPROCEEDINGS{ahmad_multirobot_2014,
  author={Ahmad, Shakeel and Feng, Zhi and Hu, Guoqiang},
  booktitle={Proc. 2014 IEEE International Conference on Robotics and Automation}, 
  title={Multi-robot formation control using distributed null space behavioral approach}, 
  year={2014},
}

@article{tan_coordinated_2022,
title = {Coordinated control of the heterogeneous unmanned surface vehicle swarm based on the distributed null-space-based behavioral approach},
journal = {Ocean Engineering},
volume = {266},
year = {2022},
author = {Guoge Tan and Hanbing Sun and Lei Du and Jiayuan Zhuang and Jin Zou and Lei Wan},
}

@article{ding2017overview,
  title={An overview of recent advances in event-triggered consensus of multiagent systems},
  author={Ding, Lei and Han, Qing-Long and Ge, Xiaohua and Zhang, Xian-Ming},
  journal={IEEE Transactions on Cybernetics},
  volume={48},
  number={4},
  pages={1110--1123},
  year={2017},
  publisher={IEEE}
}

@article{fossen_LOS_2014,
title = {On uniform semiglobal exponential stability {(USGES)} of proportional line-of-sight guidance laws},
journal = {Automatica},
volume = {50},
number = {11},
pages = {2912-2917},
year = {2014},
issn = {0005-1098},
author = {Thor I. Fossen and Kristin Y. Pettersen},
}

@book{khalil_nonlinear_2002,
  author         = {Khalil, Hassan K.},
  publisher      = {Prentice Hall},
  title          = {Nonlinear Systems},
  edition        = {3rd},
  year           = {2002}
}
