@ARTICLE{paliotta_trajectory_2019,
  author={Paliotta, Claudio and Lefeber, Erjen and Pettersen, Kristin Ytterstad and Pinto, José and Costa, Maria and de Figueiredo Borges de Sousa, João Tasso},
  journal={IEEE Transactions on Control Systems Technology}, 
  title={Trajectory Tracking and Path Following for Underactuated Marine Vehicles}, 
  year={2019},
  volume={27},
  number={4},
  pages={1423-1437}
}

@inproceedings{da_silva_2007_modeling,
  title={Modeling and simulation of the {LAUV} autonomous underwater vehicle},
  author={da Silva, Jorge Estrela and Terra, Bruno and Martins, Ricardo and de Sousa, Joao Borges},
  booktitle={Proc. 13th IEEE IFAC International Conference on Methods and Models in Automation and Robotics},
  year={2007}
}

@article{petillo_plume_tracking_2012,
	title = {Constructing a {Distributed} {AUV} {Network} for {Underwater} {Plume}-{Tracking} {Operations}},
	volume = {8},
	journal = {International Journal of Distributed Sensor Networks},
	author = {Petillo, Stephanie and Schmidt, Henrik and Balasuriya, Arjuna},
	month = jan,
	year = {2012},
}

@article{robbins_harmful_algae_2006,
	title = {Improved monitoring of {HABs} using autonomous underwater vehicles ({AUV})},
	volume = {5},
	issn = {1568-9883},
	number = {6},
	journal = {Harmful Algae},
	author = {Robbins, I. C. and Kirkpatrick, G. J. and Blackwell, S. M. and Hillier, J. and Knight, C. A. and Moline, M. A.},
	month = dec,
	year = {2006},
}

@article{bingham_shipwreck_2010,
	title = {Robotic tools for deep water archaeology: {Surveying} an ancient shipwreck with an autonomous underwater vehicle},
	volume = {27},
	shorttitle = {Robotic tools for deep water archaeology},
	doi = {10.1002/rob.20350},
	number = {6},
	journal = {Journal of Field Robotics},
	author = {Bingham, Brian and Foley, Brendan and Singh, Hanumant and Camilli, Richard and Delaporta, Katerina and Eustice, Ryan and Mallios, Angelos and Mindell, David and Roman, Christopher and Sakellariou, Dimitris},
	year = {2010}
}

@article{palomer_inspection_2019,
	title = {Inspection of an underwater structure using point-cloud {SLAM} with an {AUV} and a laser scanner},
	volume = {36},
	number = {8},
	journal = {Journal of Field Robotics},
	author = {Palomer, Albert and Ridao, Pere and Ribas, David},
	year = {2019},
	pages = {1333--1344},
}


@INPROCEEDINGS{mcleod_inspection_repair_maintenance_2010,
  author={McLeod, Dan},
  booktitle={Proc. {OCEANS}}, 
  title={Emerging capabilities for autonomous inspection repair and maintenance}, 
  year={2010}
}

@ARTICLE{pi_transportation_2021,
  author={Pi, Roger and Cieślak, Patryk and Ridao, Pere and Sanz, Pedro J.},
  journal={IEEE Access}, 
  title={{TWINBOT}: Autonomous Underwater Cooperative Transportation}, 
  year={2021},
  volume={9}
}

@inproceedings{brekke_milliampere_2022,
  title={{milliAmpere}: {A}n autonomous ferry prototype},
  author={Brekke, Edmund F and Eide, Egil and Eriksen, Bj{\o}rn-Olav H and Wilthil, Erik F and Breivik, Morten and Skjellaug, Even and Helgesen, {\O}ystein K and Lekkas, Anastasios M and Martinsen, Andreas B and Thyri, Emil H and others},
  booktitle={Journal of Physics: Conference Series},
  volume={2311},
  year={2022}
}

@article{choi_asv_2020,
	title = {Development of an Autonomous Surface Vehicle and Performance Evaluation of Autonomous Navigation Technologies},
	volume = {18},
	number = {3},
	journal = {International Journal of Control, Automation and Systems},
	author = {Choi, Jinwoo and Park, Jeonghong and Jung, Jongdae and Lee, Yoongeon and Choi, Hyun-Taek},
	month = mar,
	year = {2020},
	keywords = {Acoustic based navigation, autonomous surface vehicle, marine robot, terrain based localization},
	pages = {535--545},
}

@inproceedings{kimball_jetkayak_2014,
	title = {The {WHOI} {Jetyak}: {An} autonomous surface vehicle for oceanographic research in shallow or dangerous waters},
	shorttitle = {The {WHOI} {Jetyak}},
	booktitle = {Proc. 2014 {IEEE}/{OES} {Autonomous} {Underwater} {Vehicles}},
	author = {Kimball, Peter and Bailey, John and Das, Sarah and Geyer, Rocky and Harrison, Trevor and Kunz, Clay and Manganini, Kevin and Mankoff, Ken and Samuelson, Katie and Sayre-McCord, Thomas and Straneo, Fiamma and Traykovski, Peter and Singh, Hanumant},
	month = oct,
	year = {2014},
	keywords = {Boats, Computers, Engines, Instruments, Sea surface, Sonar, Vehicles}
}

@inproceedings{zolich_catamaran_2022,
	title = {Portable {Catamaran} {Drone} – an uncrewed sampling vehicle for micro-plastics and aquaculture research},
	booktitle = {Proc. {OCEANS}},
	author = {Zolich, Artur and Faltynkova, Andrea and Johnsen, Geir and Johansen, Tor Arne},
	month = oct,
	year = {2022},
	keywords = {Autonomous vehicles, Distance measurement, Roads, Scalability, Sea state, Sea surface, Throughput}
}

@misc{bluerov2,
  howpublished = {\url{https://bluerobotics.com/store/rov/bluerov2/}},
  title = {{Blue} {Robotics} {BlueROV2} {Datasheet}},
  note = {Accessed 2023-01-10},
}

@inproceedings{purcell_remus_2000,
	title = {New capabilities of the {REMUS} autonomous underwater vehicle},
	booktitle = {Proc. {OCEANS}},
	author = {Purcell, M. and von Alt, C. and Allen, B. and Austin, T. and Forrester, N. and Goldsborough, R. and Stokey, R.},
	month = sep,
	year = {2000}
}

@inproceedings{alessandretti_trajectory-tracking-MPC_2013,
	title = {Trajectory-tracking and path-following controllers for constrained underactuated vehicles using {Model} {Predictive} {Control}},
	booktitle = {Proc. 2013 {European} {Control} {Conference}},
	author = {Alessandretti, Andrea and Aguiar, A. Pedro and Jones, Colin N.},
	month = jul,
	year = {2013}
}

@article{aguiar_trajectory-tracking-CLF_2007,
	title = {Trajectory-Tracking and Path-Following of Underactuated Autonomous Vehicles With Parametric Modeling Uncertainty},
	volume = {52},
	number = {8},
	journal = {IEEE Transactions on Automatic Control},
	author = {Aguiar, A. Pedro and Hespanha, João P.},
	month = aug,
	year = {2007}
}

@inproceedings{abdelaal_trajectory-tracking-MPC_2015,
	title = {Nonlinear Model Predictive Control for Tracking of Underactuated Vessels under Input Constraints},
	booktitle = {Proc. 2015 {IEEE} {European} {Modelling} {Symposium}},
	author = {Abdelaal, Mohamed and Franzle, Martin and Hahn, Axel},
	month = oct,
	year = {2015}
}

@article{rezazadegan_trajectory-tracking-backstepping_2015,
	title = {A novel approach to 6-{DOF} adaptive trajectory tracking control of an {AUV} in the presence of parameter uncertainties},
	volume = {107},
	journal = {Ocean Engineering},
	author = {Rezazadegan, F. and Shojaei, K. and Sheikholeslam, F. and Chatraei, A.},
	month = oct,
	year = {2015}
}

@article{elmokadem_trajectory-tracking-SMC_2016,
	title = {Trajectory tracking sliding mode control of underactuated {AUVs}},
	volume = {84},
	number = {2},
	journal = {Nonlinear Dynamics},
	author = {Elmokadem, Taha and Zribi, Mohamed and Youcef-Toumi, Kamal},
	month = apr,
	year = {2016}
}

@inproceedings{alonge_trajectory-tracking-backstepping_2001,
	title = {Trajectory tracking of underactuated underwater vehicles},
	volume = {5},
	booktitle = {Proc. 40th {IEEE} {Conference} on {Decision} and {Control}},
	author = {Alonge, F. and D'Ippolito, F. and Raimondi, F.M.},
	month = dec,
	year = {2001}
}

@article{caharija_path-following-ILOS_2016,
	title = {Integral Line-of-Sight Guidance and Control of Underactuated Marine Vehicles: Theory, Simulations, and Experiments},
	volume = {24},
	number = {5},
	journal = {IEEE Transactions on Control Systems Technology},
	author = {Caharija, Walter and Pettersen, Kristin Y. and Bibuli, Marco and Calado, Pedro and Zereik, Enrica and Braga, José and Gravdahl, Jan Tommy and Sørensen, Asgeir J. and Milovanović, Milan and Bruzzone, Gabriele},
	month = sep,
	year = {2016},
	pages = {1623--1642}
}

@article{xiang_path-following-robust_2017,
	title = {Robust fuzzy {3D} path following for autonomous underwater vehicle subject to uncertainties},
	volume = {84},
	journal = {Computers \& Operations Research},
	author = {Xiang, Xianbo and Yu, Caoyang and Zhang, Qin},
	month = aug,
	year = {2017},
	pages = {165--177}
}

@article{miao_path-following-curvilinear_2017,
	title = {Spatial curvilinear path following control of underactuated {AUV} with multiple uncertainties},
	volume = {67},
	journal = {ISA Transactions},
	author = {Miao, Jianming and Wang, Shaoping and Zhao, Zhiping and Li, Yuan and Tomovic, Mileta M.},
	month = mar,
	year = {2017},
	pages = {107--130}
}

@inproceedings{pomet_hand-position_1992,
	title = {A hybrid strategy for the feedback stabilization of nonholonomic mobile robots},
	booktitle = {Proc. 1992 IEEE International Conference on Robotics and Automation},
	author = {Pomet, J.-B. and Thuilot, B. and Bastin, G. and Campion, G.},
	month = jan,
	year = {1992}
}

@article{cai_hand-position-rigidity-planar_2015,
	title = {Adaptive Rigidity-Based Formation Control for Multirobotic Vehicles With Dynamics},
	volume = {23},
	journal = {IEEE Transactions on Control Systems Technology},
	author = {Cai, Xiaoyu and Queiroz, Marcio de},
	month = jan,
	year = {2015},
  pages = {389--396}
}

@article{li_hand-position-rigidity-3d_2021,
	title = {Adaptive Formation Control of Networked Robotic Systems With Bearing-Only Measurements~},
	volume = {51},
	journal = {IEEE Transactions on Cybernetics},
	author = {Li, Xiaolei and Wen, Changyun and Chen, Ci},
	month = jan,
	year = {2021},
	pages = {199--209}
}

@article{lawton_hand-position-formation_2003,
  author={Lawton, J.R.T. and Beard, R.W. and Young, B.J.},
  journal={IEEE Transactions on Robotics and Automation}, 
  title={A decentralized approach to formation maneuvers}, 
  year={2003},
  volume={19},
  number={6},
  pages={933-941}
}

@inproceedings{breivik_path_following_2004,
author = {Breivik, Morten and Fossen, Thor Inge},
title = {Path following of straight lines and circles for marine surface vessels},
booktitle = {Proc. 2004 IFAC Conference on Computer Applications in Marine Systems},
pages = {65--70},
year = {2004}
}

@article{aguiar_trajectory_tracking_2007,
  title={Trajectory-tracking and path-following of underactuated autonomous vehicles with parametric modeling uncertainty},
  author={Aguiar, A Pedro and Hespanha, Joao P},
  journal={IEEE Transactions on Automatic Control},
  volume={52},
  number={8},
  pages={1362--1379},
  year={2007}
}

@inproceedings{mcgann_trex_2007,
author = {McGann, Conor and Py, Frederic and Rajan, Kanna and Thomas, Hans and Henthorn, Richard and McEwen, Rob},
year = {2007},
title = {{T-REX}: {A} Model-based Architecture for {AUV} Control},
booktitle = {Proc. 2007 International Conference on Automated Planning and Scheduling}
}
