@book{fossen_handbook_2011,
   title = {Handbook of {Marine} {Craft} {Hydrodynamics} and {Motion} {Control}},
    isbn = {978-1-119-99149-6},
    language = {en},
    publisher = {John Wiley \& Sons},
    author = {Fossen, Thor I.},
    month = may,
    year = {2011},
    keywords = {Science / System Theory, Technology \& Engineering / Electrical},
}

@phdthesis{caharija_ILOS_2014,
  author      = {Walter Caharija},
  title       = {Integral Line-of-Sight Guidance and Control of Underactuated Marine Vehicles},
  school      = {Norwegian University of Science and Technology},
  year        = {2014}
}

@inproceedings{moe_set-based_2017,
  author          = {Moe, Signe and Pettersen, Kristin Y.},
  title           = {Set-Based line-of-sight ({LOS}) path following with collision avoidance for underactuated unmanned surface vessels under the influence of ocean currents},
  booktitle       = {Proc. 2017 IEEE Conf. Control Technology and Applications},
  year            = {2017},
  pages           = {241--248},
  doi             = {10.1109/CCTA.2017.8062470}
}

@inproceedings{moe_LOS_2016,
  author          = {Moe, Signe and Pettersen, Kristin Y. and Fossen, Thor I. and Gravdahl, Jan T.},
  title           = {Line-of-sight curved path following for underactuated {USV}s and {AUV}s in the horizontal plane under the influence of ocean currents},
  booktitle       = {Proc. 24th Mediterranean Conf. Control and Automation},
  year            = {2016},
  pages           = {38--45},
  doi             = {10.1109/MED.2016.7536018}
}

@inproceedings{arrichiello_formation_2006,
  author          = {Arrichiello, F. and Chiaverini, S. and Fossen, T. I.},
  title           = {Formation Control of Underactuated Surface Vessels using the Null-Space-Based Behavioral Control},
  booktitle       = {Proc. 2006 IEEE/RSJ International Conference on Intelligent Robots and Systems},
  year            = {2006},
  pages           = {5942--5947},
  doi             = {10.1109/IROS.2006.282477}
}

@article{belleter_2019_observer,
  title={Observer based path following for underactuated marine vessels in the presence of ocean currents: A global approach},
  author={Belleter, Dennis and Maghenem, Mohamed Adlene and Paliotta, Claudio and Pettersen, Kristin Y.},
  journal={Automatica},
  volume={100},
  pages={123--134},
  year={2019},
  publisher={Elsevier}
}

@inproceedings{antonelli_stability_2008,
  author          = {Antonelli, Gianluca and Arrichiello, Filippo and Chiaverini, Stefano},
  title           = {Stability analysis for the Null-Space-based Behavioral control for multi-robot systems},
  booktitle       = {Proc. 47th IEEE Conference on Decision and Control},
  year            = {2008},
  pages           = {2463--2468},
  doi             = {10.1109/CDC.2008.4738697}
}

@incollection{loria_2_2005,
  title={2 cascaded nonlinear time-varying systems: Analysis and design},
  author={Lor{\'\i}a, Antonio and Panteley, Elena},
  booktitle={Advanced topics in control systems theory},
  pages={23--64},
  year={2005},
  publisher={Springer}
}

@article{pettersen_lyapunov_2017,
	title = {Lyapunov sufficient conditions for uniform semiglobal exponential stability},
	volume = {78},
	issn = {0005-1098},
	doi = {10.1016/j.automatica.2016.12.004},
	language = {en},
	journal = {Automatica},
	author = {Pettersen, Kristin Y.},
	month = apr,
	year = {2017},
	keywords = {Robustness, Stability analysis, Uniform semiglobal exponential stability},
	pages = {97--102},
}

@article{angeli_forward_1999,
  title={Forward completeness, unboundedness observability, and their {Lyapunov} characterizations},
  author={Angeli, David and Sontag, Eduardo D},
  journal={Systems \& Control Letters},
  volume={38},
  number={4-5},
  pages={209--217},
  year={1999},
  publisher={Elsevier}
}

@article{eek_formation_2020,
	title = {Formation {Path} {Following} {Control} of {Underactuated} {USVs}},
	journal = {European Journal of Control},
	author = {Eek, {\r{A}} and Pettersen, K. Y. and Ruud, E.-L. M. and Krogstad, T. R.},
	doi = {10.1016/j.ejcon.2021.06.027},
	month = jun,
	year = {2021},
}

@INPROCEEDINGS{borhaug_straight_2007,
  author={Borhaug, Even and Pavlov, Alexey and Pettersen, Kristin Y.},
  booktitle={Proc. 46th IEEE Conf. Decision and Control}, 
  title={Straight line path following for formations of underactuated underwater vehicles}, 
  year={2007},
  volume={},
  number={},
  pages={2905-2912},
  doi={10.1109/CDC.2007.4434733}
}

@article{sousa_LAUV_2012,
  title = {{LAUV}: {T}he Man-Portable Autonomous Underwater Vehicle},
  journal = {IFAC Proceedings Volumes},
  volume = {45},
  number = {5},
  pages = {268-274},
  year = {2012},
  issn = {1474-6670},
  doi = {https://doi.org/10.3182/20120410-3-PT-4028.00045},
  author = {Alexandre Sousa and Luis Madureira and Jorge Coelho and José Pinto and João Pereira and João {Borges Sousa} and Paulo Dias},
  keywords = {Autonomous Underwater Vehicles, Data collection, Marine Systems, Mechanical, Robotics, Systems Engineering},
}

@article{arxiv_version,
  author          = {Matou\v{s}, Josef and Pettersen, Kristin Y. and Paliotta, Claudio},
  journal         = {arXiv e-print},
  title           = {Formation Path Following Control of Underactuated {AUVs} -- With Proofs},
  url             = {https://arxiv.org/abs/2111.03455},
  year            = {2021}
}

@ARTICLE{antonelli_experiments_2009,
  author={Antonelli, Gianluca and Arrichiello, Filippo and Chiaverini, Stefano},
  journal={IEEE Transactions on Control Systems Technology}, 
  title={Experiments of Formation Control With Multirobot Systems Using the Null-Space-Based Behavioral Control}, 
  year={2009},
  volume={17},
  number={5},
  pages={1173-1182},
  doi={10.1109/TCST.2008.2004447}
}

@Article{pang_2019_formation,
  AUTHOR = {Pang, Shi-{K}un and Li, Ying-{H}ui and Yi, Hong},
  TITLE = {Joint Formation Control with Obstacle Avoidance of Towfish and Multiple Autonomous Underwater Vehicles Based on Graph Theory and the Null-Space-Based Method},
  JOURNAL = {Sensors},
  VOLUME = {19},
  YEAR = {2019},
  NUMBER = {11},
  ARTICLE-NUMBER = {2591},
  ISSN = {1424-8220},
  DOI = {10.3390/s19112591}
}

@INPROCEEDINGS{borhaug_2006_formation,
  author={Borhaug, Even and Pettersen, Kristin Y.},
  booktitle={Proc. 45th IEEE Conf. Decision and Control}, 
  title={Formation Control of 6-{DOF} {E}uler-{L}agrange Systems with Restricted Inter-Vehicle Communication}, 
  year={2006},
  volume={},
  number={},
  pages={5718-5723},
  doi={10.1109/CDC.2006.377680}
}

@INPROCEEDINGS{ghabcheloo_2006_coordinated,
  author={Ghabcheloo, Reza and Aguiar, A. Pedro and Pascoal, Antonio and Silvestre, Carlos and Kaminer, Isaac and Hespanha, Joao},
  booktitle={Proc. 45th IEEE Conference on Decision and Control}, 
  title={Coordinated path-following control of multiple underactuated autonomous vehicles in the presence of communication failures}, 
  year={2006},
  volume={},
  number={},
  pages={4345-4350},
  doi={10.1109/CDC.2006.376989}
}

@article{rongxin_2010_leader,
	title = {Leader–follower formation control of underactuated autonomous underwater vehicles},
	journal = {Ocean Engineering},
	volume = {37},
	number = {17},
	pages = {1491-1502},
	year = {2010},
	issn = {0029-8018},
	doi = {10.1016/j.oceaneng.2010.07.006},
	author = {Rongxin Cui and Shuzhi {Sam Ge} and Bernard {Voon Ee How} and Yoo {Sang Choo}},
	keywords = {Autonomous underwater vehicle, Formation control, Leader–follower, Tracking control, Neural networks},
}

@INPROCEEDINGS{soorki_2011_robust,
  author={Soorki, M.Naderi and Talebi, H.A. and Nikravesh, S.K.Y},
  booktitle={Proc. 2011 IEEE International Conference on Systems, Man, and Cybernetics}, 
  title={A robust dynamic leader-follower formation control with active obstacle avoidance}, 
  year={2011},
  volume={},
  number={},
  pages={1932-1937},
  doi={10.1109/ICSMC.2011.6083955}
}

@article{das_cooperative_2016,
	title = {Cooperative formation control of autonomous underwater vehicles: {An} overview},
	volume = {13},
	issn = {1751-8520},
	shorttitle = {Cooperative formation control of autonomous underwater vehicles},
	doi = {10.1007/s11633-016-1004-4},
	language = {en},
	number = {3},
	journal = {International Journal of Automation and Computing},
	author = {Das, Bikramaditya and Subudhi, Bidyadhar and Pati, Bibhuti Bhusan},
	month = jun,
	year = {2016},
	pages = {199--225},
}

@article{fossen_uniform_2014,
title = {On uniform semiglobal exponential stability (USGES) of proportional line-of-sight guidance laws},
journal = {Automatica},
volume = {50},
number = {11},
pages = {2912-2917},
year = {2014},
issn = {0005-1098},
doi = {https://doi.org/10.1016/j.automatica.2014.10.018},
author = {Thor I. Fossen and Kristin Y. Pettersen},
keywords = {Guidance systems, Marine systems, Autonomous vehicles, Kinematics},
}
